@book{bib:McQuarrieSimon,
    title = {Physical Chemistry: A Molecular Approach},
    author = {Donald Allen McQuarrie and John Douglas Simon},
    publisher = {University Science Books},
    year = {1997},
    address = {55D Gate Five Road, Sausalito, CA 94965}
}

@misc{bib:IChemNotes,
    title = {{CHEM} 20100 ({I}norganic {C}hemistry {I}) Notes},
    author = {Steven Labalme},
    year = {2021},
    url = {https://github.com/shadypuck/CHEM20100Notes/blob/master/Notes/notes.pdf},
    urldate = {2021-11-20}
}